<record><leader>00000cas a22000007a 4500</leader><controlfield tag="001">12152695</controlfield><controlfield tag="008">850613u186uuuuualuwr ne      0    0eng d</controlfield><datafield ind1=" " ind2=" " tag="010"><subfield code="a">sn 85044710 </subfield></datafield><datafield ind1=" " ind2=" " tag="040"><subfield code="a">ALM</subfield><subfield code="b">eng</subfield><subfield code="c">ALM</subfield><subfield code="d">CPN</subfield><subfield code="d">OCL</subfield><subfield code="d">OCLCQ</subfield></datafield><datafield ind1=" " ind2=" " tag="042"><subfield code="a">msc</subfield></datafield><datafield ind1="0" ind2="0" tag="245"><subfield code="a">United South.</subfield></datafield><datafield ind1=" " ind2=" " tag="260"><subfield code="a">Abbeville, Ala. :</subfield><subfield code="b">J.M.B. Kelly [and] W.P. Cannon</subfield></datafield><datafield ind1=" " ind2=" " tag="300"><subfield code="a">v. ;</subfield><subfield code="c">59 cm.</subfield></datafield><datafield ind1=" " ind2=" " tag="310"><subfield code="a">Weekly</subfield></datafield><datafield ind1=" " ind2=" " tag="500"><subfield code="a">Editors: J.B. Taylor, S.S. Curry.</subfield></datafield><datafield ind1=" " ind2=" " tag="588"><subfield code="a">Description based on: Vol. 2, no. 16 (Mar. 2, 1861).</subfield></datafield><datafield ind1="1" ind2=" " tag="700"><subfield code="a">Taylor, J. B.</subfield></datafield><datafield ind1="1" ind2=" " tag="700"><subfield code="a">Curry, S. S.</subfield></datafield><datafield ind1=" " ind2=" " tag="752"><subfield code="a">United States</subfield><subfield code="b">Alabama</subfield><subfield code="c">Henry</subfield><subfield code="d">Abbeville.</subfield></datafield></record>